@incollection{Quine1969,
  title = {Natural Kinds},
  booktitle = {Naming, Necessity, and Natural Kinds},
  author = {Quine, Willard Van Orman},
  editor = {Schwartz, Stephen P.},
  date = {1969},
  pages = {155--175},
  publisher = {Cornell University Press},
  location = {Ithaca, NY},
  abstract = {Book: 1977},
  keywords = {Natural kinds}
}

@book{Kuhn1962,
  title = {La estructura de las revoluciones científicas},
  author = {Kuhn, Thomas S.},
  translator = {Solís Santos, Carlos},
  date = {2010},
  origdate = {1962},
  publisher = {Fondo de Cultura Económica},
  location = {México, D.F.},
  abstract = {Cuando los paradigmas científicos dejan de dar respuesta a los problemas que les atañen, ocurren rupturas violentas en las que la ciencia se revoluciona, destruye los paradigmas desgastados y los sustituye con otros nuevos. Thomas S. Kuhn analiza en esta obra "el comportamiento de las comunidades científicas encargadas de seleccionar el modo más apto de practicar la ciencia futura" tras esos momentos de crisis},
  isbn = {978-607-16-0825-3},
  langid = {spanish}
}

@book{Bloor2003,
  title = {Conocimiento e imaginario social},
  author = {Bloor, David},
  translator = {Lizcano, Emmánuel and Blanco, Rubén},
  date = {2003},
  original-date = {1976},
  publisher = {Gedisa},
  location = {Barcelona},
  abstract = {1991/2003},
  isbn = {978-84-7432-628-4},
  langid = {spanish}
}
