@article{Lim2016,
  title = {Cultural Differences in Emotion: Differences in Emotional Arousal Level between the {{East}} and the {{West}}},
  author = {Lim, Nangyeon},
  year = {2016},
  journal = {Integrative Medicine Research},
  volume = {5},
  number = {2},
  pages = {105--109},
  doi = {10.1016/j.imr.2016.03.004}
}

@book{Goodman1983,
  title = {Fact, {{Fiction}}, and {{Forecast}}},
  author = {Goodman, Nelson},
  year = {1983},
  origyear = {1979},
  edition = {Fourth},
  publisher = {{Harvard University Press}},
  address = {{Cambridge, MA}},
  isbn = {0-674-29071-2}
}

@incollection{Hacking1994,
  title = {Entrenchment},
  booktitle = {Grue! The New Riddle of Induction},
  author = {Hacking, Ian},
  editor = {Stalker, Douglas Frank},
  year = {1994},
  publisher = {{Open Court}},
  address = {{Chicago}},
  isbn = {978-0-8126-9218-1 978-0-8126-9219-8},
  lccn = {BC91 .G78 1994}
}

@book{Longino1990,
  title = {Science as Social Knowledge: Values and Objectivity in Scientific Inquiry},
  author = {Longino, Helen E.},
  year = {1990},
  publisher = {{Princeton University Press}},
  address = {{Princeton, N.J}},
  isbn = {978-0-691-07342-2 978-0-691-02051-8},
  lccn = {Q175 .L655 1990}
}

@book{Lutz1988,
  title = {Unnatural Emotions: Everyday Sentiments on a {{Micronesian}} Atoll \& Their Challenge to {{Western}} Theory},
  author = {Lutz, Catherine},
  year = {1988},
  publisher = {{University of Chicago Press}},
  address = {{Chicago}},
  isbn = {978-0-226-49721-1 978-0-226-49722-8},
  lccn = {GN671.C3 L87 1988}
}
@article{Uchida2009,
  title = {Happiness and {{Unhappiness}} in {{East}} and {{West}}: {{Themes}} and {{Variations}}},
  author = {Uchida, Yukiko and Kitayama, Shinobu},
  year = {2009},
  month = jan,
  journal = {Emotion},
  volume = {9},
  number = {4},
  pages = {441--456},
  publisher = {{American Psychological Association}},
  address = {{Washington, DC}},
  doi = {10.1037/a0015634}
}

@book{Young1990,
  title = {Justice and the Politics of Difference},
  author = {Young, Iris Marion},
  year = {1990},
  publisher = {{Princeton University Press}},
  address = {{Princeton, N.J}},
  isbn = {978-0-691-07832-8 978-0-691-02315-1},
  lccn = {JC578 .Y68 1990}
}
@article{DeLeersnyder2017,
  title = {Emotional Acculturation: A First Review},
  author = {De Leersnyder, Jozefien},
  year = {2017},
  month = oct,
  journal = {Current Opinion in Psychology},
  volume = {17},
  pages = {67--73},
  doi = {10.1016/j.copsyc.2017.06.007},
  urldate = {2018-02-22}
}
@book{Quine1978,
  title = {The Web of Belief},
  author = {Quine, Willard Van Orman and Ullian, J. S.},
  year = {1978},
  edition = {2nd ed},
  publisher = {{Random House}},
  address = {{New York}},
  isbn = {978-0-07-553609-3},
  lccn = {1}
}
@article{Ludwig2016,
  title = {Ontological {{Choices}} and the {{Value-Free Ideal}}},
  author = {Ludwig, David},
  year = {2016},
  journal = {Erkenntnis},
  volume = {81},
  pages = {1253--1272},
  doi = {10.1007/s10670-015-9793-3}
}
@article{Boiger2018,
  title = {Beyond Essentialism: {{Cultural}} Differences in Emotions Revisited.},
  author = {Boiger, Michael and Ceulemans, Eva and De Leersnyder, Jozefien and Uchida, Yukiko and Norasakkunkit, Vinai and Mesquita, Batja},
  year = {2018},
  journal = {Emotion},
  volume = {18},
  number = {8},
  pages = {1142--1162},
  publisher = {{US: American Psychological Association}},
  doi = {10.1037/emo0000390},
  urldate = {2020-06-27}
}
